<record><leader>00000cas a2200000 a 4500</leader><controlfield tag="001">12200480</controlfield><controlfield tag="008">850626d18811882ksuwr ne      0    0eng d</controlfield><datafield ind1=" " ind2=" " tag="010"><subfield code="a">sn 85031352 </subfield></datafield><datafield ind1=" " ind2=" " tag="040"><subfield code="a">KSH</subfield><subfield code="b">eng</subfield><subfield code="c">KSH</subfield><subfield code="d">NPT</subfield><subfield code="d">OCL</subfield><subfield code="d">OCLCQ</subfield></datafield><datafield ind1=" " ind2=" " tag="042"><subfield code="a">msc</subfield></datafield><datafield ind1="0" ind2=" " tag="130"><subfield code="a">Cherryvale news (Cherryvale, Kan. : 1881)</subfield></datafield><datafield ind1="1" ind2="0" tag="245"><subfield code="a">Cherryvale news.</subfield></datafield><datafield ind1=" " ind2=" " tag="260"><subfield code="a">Cherryvale, Kan. :</subfield><subfield code="b">Moore &amp; Son,</subfield><subfield code="c">1881-1882.</subfield></datafield><datafield ind1=" " ind2=" " tag="300"><subfield code="a">1 v. ;</subfield><subfield code="c">48-54 cm.</subfield></datafield><datafield ind1=" " ind2=" " tag="310"><subfield code="a">Weekly</subfield></datafield><datafield ind1="0" ind2=" " tag="362"><subfield code="a">Vol. 1, no. 1 (Apr. 28, 1881)-v. 1, no. 51 (Apr. 13, 1882).</subfield></datafield><datafield ind1=" " ind2=" " tag="500"><subfield code="a">"Republican."</subfield></datafield><datafield ind1=" " ind2=" " tag="752"><subfield code="a">United States</subfield><subfield code="b">Kansas</subfield><subfield code="c">Montgomery</subfield><subfield code="d">Cherryvale.</subfield></datafield><datafield ind1="0" ind2="7" tag="785"><subfield code="t">Cherryvale globe</subfield><subfield code="w">(DLC)sn 85031351</subfield></datafield><datafield ind1="0" ind2="7" tag="785"><subfield code="t">Cherryvale globe-news</subfield><subfield code="w">(DLC)sn 85031353</subfield></datafield></record>